<record><leader>00000cas a22000007a 4500</leader><controlfield tag="001">19757347</controlfield><controlfield tag="008">890524c19869999lauer ne      0    0eng d</controlfield><datafield ind1=" " ind2=" " tag="010"><subfield code="a">sn 89059252 </subfield></datafield><datafield ind1=" " ind2=" " tag="040"><subfield code="a">LNP</subfield><subfield code="b">eng</subfield><subfield code="c">LNP</subfield><subfield code="d">OCLCQ</subfield></datafield><datafield ind1=" " ind2=" " tag="042"><subfield code="a">msc</subfield></datafield><datafield ind1="0" ind2="4" tag="245"><subfield code="a">The Folsom world &amp; Northlake news.</subfield></datafield><datafield ind1="3" ind2="0" tag="246"><subfield code="a">Folsom world and Northlake news</subfield></datafield><datafield ind1="1" ind2="7" tag="246"><subfield code="a">Folsom world</subfield><subfield code="f">&lt;Feb. 4-Apr. 1, 1987&gt;</subfield></datafield><datafield ind1=" " ind2=" " tag="260"><subfield code="a">Folsom, La. :</subfield><subfield code="b">Gaines Enterprises</subfield></datafield><datafield ind1=" " ind2=" " tag="300"><subfield code="a">v.</subfield></datafield><datafield ind1=" " ind2=" " tag="310"><subfield code="a">Biweekly,</subfield><subfield code="b">Oct. 3, 1990-</subfield></datafield><datafield ind1=" " ind2=" " tag="321"><subfield code="a">Biweeily,</subfield><subfield code="b">1986-June 20, 1990</subfield></datafield><datafield ind1=" " ind2=" " tag="321"><subfield code="a">Monthly,</subfield><subfield code="b">Aug. 1-Sept. 5, 1990</subfield></datafield><datafield ind1="1" ind2=" " tag="362"><subfield code="a">Began in 1986?</subfield></datafield><datafield ind1=" " ind2=" " tag="515"><subfield code="a">Issues for July 1989 and July 1990 not published.</subfield></datafield><datafield ind1=" " ind2=" " tag="588"><subfield code="a">Description based on: Vol. 2, issue 3 (Feb. 4, 1987).</subfield></datafield><datafield ind1=" " ind2="4" tag="651"><subfield code="a">Folsom (La.)</subfield><subfield code="v">Newspapers.</subfield></datafield><datafield ind1=" " ind2=" " tag="752"><subfield code="a">United States</subfield><subfield code="b">Louisiana</subfield><subfield code="c">Saint Tammany</subfield><subfield code="d">Folsom.</subfield></datafield><datafield ind1="1" ind2=" " tag="029"><subfield code="a">AU@</subfield><subfield code="b">000020555058</subfield></datafield></record>